<record><leader>00000cas a2200000 a 4500</leader><controlfield tag="001">12257801</controlfield><controlfield tag="008">850712d18861889ksuwr ne      0    0eng d</controlfield><datafield ind1=" " ind2=" " tag="010"><subfield code="a">sn 85031411 </subfield></datafield><datafield ind1=" " ind2=" " tag="040"><subfield code="a">KSH</subfield><subfield code="b">eng</subfield><subfield code="c">KSH</subfield><subfield code="d">NPT</subfield><subfield code="d">OCL</subfield><subfield code="d">OCLCQ</subfield></datafield><datafield ind1=" " ind2=" " tag="042"><subfield code="a">msc</subfield></datafield><datafield ind1="0" ind2=" " tag="130"><subfield code="a">Sun (Coffeyville, Kan. : Weekly)</subfield></datafield><datafield ind1="1" ind2="4" tag="245"><subfield code="a">The sun.</subfield></datafield><datafield ind1=" " ind2=" " tag="260"><subfield code="a">Coffeyville, Kan. :</subfield><subfield code="b">Peffer &amp; Truby,</subfield><subfield code="c">1886-1889.</subfield></datafield><datafield ind1=" " ind2=" " tag="300"><subfield code="a">3 v. :</subfield><subfield code="b">ill. (chiefly advertisements) ;</subfield><subfield code="c">64 cm.</subfield></datafield><datafield ind1=" " ind2=" " tag="310"><subfield code="a">Weekly</subfield></datafield><datafield ind1="0" ind2=" " tag="362"><subfield code="a">Vol. 1, no. 1 (Nov. 26, 1886)-v. 3, no. 34 (July 13, 1889).</subfield></datafield><datafield ind1=" " ind2=" " tag="500"><subfield code="a">Published by W.A. Peffer, Jr., Sept. 15, 1888-July 13, 1889.</subfield></datafield><datafield ind1=" " ind2=" " tag="525"><subfield code="a">Supplement included called: "Gold leaf," Feb. 1888.</subfield></datafield><datafield ind1=" " ind2=" " tag="752"><subfield code="a">United States</subfield><subfield code="b">Kansas</subfield><subfield code="c">Montgomery</subfield><subfield code="d">Coffeyville.</subfield></datafield><datafield ind1="0" ind2="7" tag="785"><subfield code="t">Coffeyville journal (Coffeyville, Kan. : 1875)</subfield><subfield code="w">(DLC)sn 85031412</subfield></datafield><datafield ind1="0" ind2="7" tag="785"><subfield code="t">Journal and sun</subfield><subfield code="w">(DLC)sn 85031413</subfield></datafield></record>